@article{Barr,
 author = {Barr, Thomas W. and Cox, Alan L. and Rixner, Scott},
 title = {Translation Caching: Skip, Don'T Walk (the Page Table)},
 journal = {SIGARCH Comput. Archit. News},
 issue_date = {June 2010},
 volume = {38},
 number = {3},
 month = jun,
 year = {2010},
 issn = {0163-5964},
 pages = {48--59},
 numpages = {12},
 url = {http://doi.acm.org/10.1145/1816038.1815970},
 doi = {10.1145/1816038.1815970},
 acmid = {1815970},
 publisher = {ACM},
 address = {New York, NY, USA},
 keywords = {memory management, page walk caching, tlb},
}

@article{Seshadri,
 author = {Seshadri, Vivek and Pekhimenko, Gennady and Ruwase, Olatunji and Mutlu, Onur and Gibbons, Phillip B. and Kozuch, Michael A. and Mowry, Todd C. and Chilimbi, Trishul},
 title = {Page Overlays: An Enhanced Virtual Memory Framework to Enable Fine-grained Memory Management},
 journal = {SIGARCH Comput. Archit. News},
 issue_date = {June 2015},
 volume = {43},
 number = {3},
 month = jun,
 year = {2015},
 issn = {0163-5964},
 pages = {79--91},
 numpages = {13},
 url = {http://doi.acm.org/10.1145/2872887.2750379},
 doi = {10.1145/2872887.2750379},
 acmid = {2750379},
 publisher = {ACM},
 address = {New York, NY, USA},
}

@inproceedings{Pham,
 author = {Pham, Binh and Vaidyanathan, Viswanathan and Jaleel, Aamer and Bhattacharjee, Abhishek},
 title = {CoLT: Coalesced Large-Reach TLBs},
 booktitle = {Proceedings of the 2012 45th Annual IEEE/ACM International Symposium on Microarchitecture},
 series = {MICRO-45},
 year = {2012},
 isbn = {978-0-7695-4924-8},
 location = {Vancouver, B.C., CANADA},
 pages = {258--269},
 numpages = {12},
 url = {http://dx.doi.org/10.1109/MICRO.2012.32},
 doi = {10.1109/MICRO.2012.32},
 acmid = {2457504},
 publisher = {IEEE Computer Society},
 address = {Washington, DC, USA},
}

@phdthesis{Talluri,
 author = {Talluri, Madhusudhan},
 title = {Use of Superpages and Subblocking in the Address Translation Hierarchy},
 year = {1995},
 note = {AAI9538021},
 school = {The University of Wisconsin - Madison},
 publisher = {The University of Wisconsin - Madison},
}

@article{BadgerTrap,
  author    = {Jayneel Gandhi and
               Arkaprava Basu and
               Mark D. Hill and
               Michael M. Swift},
  title     = {BadgerTrap: a tool to instrument x86-64 {TLB} misses},
  journal   = {{SIGARCH} Computer Architecture News},
  volume    = {42},
  number    = {2},
  pages     = {20--23},
  year      = {2014},
  url       = {http://doi.acm.org/10.1145/2669594.2669599},
  doi       = {10.1145/2669594.2669599},
  timestamp = {Sun, 12 Oct 2014 16:41:28 +0200},
  biburl    = {http://dblp.uni-trier.de/rec/bib/journals/sigarch/GandhiBHS14},
  bibsource = {dblp computer science bibliography, http://dblp.org}
}

@misc{THP,
  author = {Andrea Arcangeli},
  title = {Transparent Hugepage Support},
  year = 2017,
  howpublished = {\url{https://www.kernel.org/doc/Documentation/vm/transhuge.txt}},
  note = {Accessed: 2017-04-28}
}

@techreport{Sun,
  title={Fast, lightweight virtual machine checkpointing},
  author={Sun, Michael H and Blough, Douglas M},
  year={2010},
  institution={Georgia Institute of Technology}
}

@article{Bhargava,
 author = {Bhargava, Ravi and Serebrin, Benjamin and Spadini, Francesco and Manne, Srilatha},
 title = {Accelerating Two-dimensional Page Walks for Virtualized Systems},
 journal = {SIGPLAN Not.},
 issue_date = {March 2008},
 volume = {43},
 number = {3},
 month = mar,
 year = {2008},
 issn = {0362-1340},
 pages = {26--35},
 numpages = {10},
 url = {http://doi.acm.org/10.1145/1353536.1346286},
 doi = {10.1145/1353536.1346286},
 acmid = {1346286},
 publisher = {ACM},
 address = {New York, NY, USA},
 keywords = {AMD, TLB, hypervisor, memory management, nested paging, page walk caching, virtual machine monitor, virtualization},
}
